<collection xmlns="http://www.loc.gov/MARC21/slim">
<record>
  <leader>01109nam0a2200241 i 450 </leader>
  <controlfield tag="001">IT\ICCU\CNCE\030550</controlfield>
  <controlfield tag="005">20160513000000.0</controlfield>
  <datafield tag="012" ind1=" " ind2=" ">
    <subfield code="a">lao- u-o- n-el poti (C) 1574 (A)</subfield>
    <subfield code="2">fei</subfield>
  </datafield>
  <datafield tag="100" ind1=" " ind2=" ">
    <subfield code="a">19971127d1574        0itac0103    ba</subfield>
  </datafield>
  <datafield tag="101" ind1=" " ind2=" ">
    <subfield code="a">ITA</subfield>
  </datafield>
  <datafield tag="102" ind1=" " ind2=" ">
    <subfield code="a">IT</subfield>
  </datafield>
  <datafield tag="200" ind1="1" ind2=" ">
    <subfield code="a">Auuertenze di monsignore illustrissimo il cardinale Borromeo arciuescouo di Milano a i curati della citt,̉ et diocese sua per amministrare il santissimo sacramento dell&apos;Eucharistia in chiesa</subfield>
  </datafield>
  <datafield tag="210" ind1=" " ind2=" ">
    <subfield code="a">In Milano</subfield>
    <subfield code="c">per Valerio et Hieronimo da Meda</subfield>
    <subfield code="d">1574</subfield>
  </datafield>
  <datafield tag="215" ind1=" " ind2=" ">
    <subfield code="a">\26! c.</subfield>
    <subfield code="d">12ʻ</subfield>
  </datafield>
  <datafield tag="620" ind1=" " ind2=" ">
    <subfield code="a">IT</subfield>
    <subfield code="d">Milano</subfield>
  </datafield>
  <datafield tag="710" ind1="0" ind2="2">
    <subfield code="a">Milano</subfield>
    <subfield code="c"> &lt;Arcidiocesi&gt;</subfield>
    <subfield code="3">7106</subfield>
  </datafield>
  <datafield tag="702" ind1=" " ind2="0">
    <subfield code="a">Carlo</subfield>
    <subfield code="c"> : Borromeo</subfield>
    <subfield code="c"> &lt;santo&gt;</subfield>
    <subfield code="3">IT\ICCU\CNCA\000179</subfield>
  </datafield>
  <datafield tag="712" ind1="0" ind2="0">
    <subfield code="a">Meda, Valerio &amp; Meda, Girolamo</subfield>
    <subfield code="3">IT\ICCU\CNCT\000036</subfield>
    <subfield code="4">650</subfield>
  </datafield>
  <datafield tag="790" ind1=" " ind2="1">
    <subfield code="a">Borromeo,</subfield>
    <subfield code="b">Carlo</subfield>
    <subfield code="3">IT\ICCU\CNCA\008182</subfield>
    <subfield code="z">Carlo : Borromeo &lt;santo&gt;</subfield>
  </datafield>
  <datafield tag="791" ind1="0" ind2="0">
    <subfield code="a">Meda, Girolamo</subfield>
    <subfield code="3">IT\ICCU\CNCT\000037</subfield>
    <subfield code="z">Meda, Valerio &amp; Meda, Girolamo</subfield>
  </datafield>
  <datafield tag="801" ind1=" " ind2="3">
    <subfield code="a">IT</subfield>
    <subfield code="b">ICCU</subfield>
    <subfield code="c">20201114</subfield>
  </datafield>
  <datafield tag="899" ind1=" " ind2=" ">
    <subfield code="a">Biblioteca nazionale Braidense. Milano</subfield>
    <subfield code="1">MI0185</subfield>
    <subfield code="2">MIL NB</subfield>
  </datafield>
  <datafield tag="899" ind1=" " ind2=" ">
    <subfield code="a">Biblioteca dell&apos;Archivio storico diocesano di Milano. Milano</subfield>
    <subfield code="1">MI0524</subfield>
    <subfield code="2">ZMI 46</subfield>
  </datafield>
</record>
</collection>
